<?xml version="1.0" encoding="UTF-8"?><record xmlns="http://www.loc.gov/MARC21/slim" xmlns:cinclude="http://apache.org/cocoon/include/1.0" xmlns:zs="http://www.loc.gov/zing/srw/">
  <leader>00609cz  a2200145n  4500</leader>
  <controlfield tag="001">n  85099557 </controlfield>
  <controlfield tag="003">DLC</controlfield>
  <controlfield tag="005">20100312074746.0</controlfield>
  <controlfield tag="008">850514n| acannaabn          |n aaa      </controlfield>
  <datafield tag="010" ind1=" " ind2=" ">
    <subfield code="a">n  85099557 </subfield>
    <subfield code="z">no2010039642</subfield>
  </datafield>
  <datafield tag="035" ind1=" " ind2=" ">
    <subfield code="a">(OCoLC)oca01331455</subfield>
  </datafield>
  <datafield tag="040" ind1=" " ind2=" ">
    <subfield code="a">DNLM</subfield>
    <subfield code="b">eng</subfield>
    <subfield code="c">DLC</subfield>
    <subfield code="d">DLC</subfield>
    <subfield code="d">SaPrUSA</subfield>
    <subfield code="d">DLC</subfield>
  </datafield>
  <datafield tag="100" ind1="1" ind2=" ">
    <subfield code="a">Heitler, Susan M.</subfield>
    <subfield code="q">(Susan McCrensky),</subfield>
    <subfield code="d">1945-</subfield>
  </datafield>
  <datafield tag="670" ind1=" " ind2=" ">
    <subfield code="a">Her David decides about thumbsucking, c1985:</subfield>
    <subfield code="b">CIP galleys (Susan M. Heitler, Ph.D.) data sheet (Heitler, Susan McCrensky; b. 1945)</subfield>
  </datafield>
  <datafield tag="670" ind1=" " ind2=" ">
    <subfield code="a">Postpartum depression, 1975:</subfield>
    <subfield code="b">t.p. (Susan McCrensky Heitler) UMI t.p. (Heitler, Susan Kay McCrensky, 1945-)</subfield>
  </datafield>
</record>